<record xmlns="http://www.loc.gov/MARC21/slim" xmlns:xsi="http://www.w3.org/2001/XMLSchema-instance" xsi:schemaLocation="http://www.loc.gov/MARC21/slim http://www.loc.gov/standards/marcxml/schema/MARC21slim.xsd"><leader>00591nz   2200157n  4500</leader><controlfield tag="001">oca03851925 </controlfield><controlfield tag="005">19950607052508.1</controlfield><controlfield tag="008">950426n| acannaab|          |a aaa     c</controlfield><datafield ind1=" " ind2=" " tag="010"><subfield code="a">nr 95015550 </subfield></datafield><datafield ind1=" " ind2=" " tag="040"><subfield code="a">NNC</subfield><subfield code="c">NNC</subfield></datafield><datafield ind1="1" ind2=" " tag="100"><subfield code="a">Severus, Cornelius</subfield></datafield><datafield ind1="0" ind2=" " tag="400"><subfield code="a">Cornelius Severus</subfield></datafield><datafield ind1=" " ind2=" " tag="670"><subfield code="a">The works of Cornelius Severus [CF] 1991:</subfield><subfield code="b">PHI CD ROM #5.3, Latin Cano   n, bibliographic screen (Cornelius Severus)</subfield></datafield><datafield ind1=" " ind2=" " tag="670"><subfield code="a">Oxford class. dict., 2nd ed.:</subfield><subfield code="b">p. 292 (Cornelius Severus)</subfield></datafield><datafield ind1=" " ind2=" " tag="670"><subfield code="a">NUC pre-56:</subfield><subfield code="b">v. 539, p. 675 (Severus, Cornelius)</subfield></datafield><datafield ind1=" " ind2=" " tag="670"><subfield code="a">LC in RLIN, 6/6/95</subfield><subfield code="b">(hdg.: Severus, Cornelius)</subfield></datafield></record>